<?xml version="1.0" encoding="UTF-8"?><record xmlns="http://www.loc.gov/MARC21/slim" xmlns:cinclude="http://apache.org/cocoon/include/1.0" xmlns:zs="http://www.loc.gov/zing/srw/">
  <leader>02096cz  a2200433n  4500</leader>
  <controlfield tag="001">no2014020767</controlfield>
  <controlfield tag="003">DLC</controlfield>
  <controlfield tag="005">20151030051020.0</controlfield>
  <controlfield tag="008">140214n| azannaabn          |b aaa     c</controlfield>
  <datafield tag="010" ind1=" " ind2=" ">
    <subfield code="a">no2014020767</subfield>
    <subfield code="z">sh2003009259</subfield>
  </datafield>
  <datafield tag="035" ind1=" " ind2=" ">
    <subfield code="a">(OCoLC)oca09684613</subfield>
  </datafield>
  <datafield tag="035" ind1=" " ind2=" ">
    <subfield code="a">(Uk)008976246</subfield>
  </datafield>
  <datafield tag="040" ind1=" " ind2=" ">
    <subfield code="a">UPB</subfield>
    <subfield code="b">eng</subfield>
    <subfield code="e">rda</subfield>
    <subfield code="c">UPB</subfield>
    <subfield code="d">UPB</subfield>
    <subfield code="d">DLC</subfield>
    <subfield code="d">Uk</subfield>
  </datafield>
  <datafield tag="100" ind1="0" ind2=" ">
    <subfield code="a">Polynices</subfield>
    <subfield code="c">(Greek mythological figure)</subfield>
  </datafield>
  <datafield tag="368" ind1=" " ind2=" ">
    <subfield code="c">Greek mythological figure</subfield>
  </datafield>
  <datafield tag="370" ind1=" " ind2=" ">
    <subfield code="f">Thebes (Greece)</subfield>
    <subfield code="2">naf</subfield>
  </datafield>
  <datafield tag="374" ind1=" " ind2=" ">
    <subfield code="a">Kings and rulers</subfield>
    <subfield code="2">lcsh</subfield>
  </datafield>
  <datafield tag="375" ind1=" " ind2=" ">
    <subfield code="a">male</subfield>
  </datafield>
  <datafield tag="400" ind1="0" ind2=" ">
    <subfield code="a">Polineikes</subfield>
    <subfield code="c">(Greek mythological figure)</subfield>
  </datafield>
  <datafield tag="400" ind1="0" ind2=" ">
    <subfield code="a">Polinice</subfield>
    <subfield code="c">(Greek mythological figure)</subfield>
  </datafield>
  <datafield tag="400" ind1="0" ind2=" ">
    <subfield code="a">Polinices</subfield>
    <subfield code="c">(Greek mythological figure)</subfield>
  </datafield>
  <datafield tag="400" ind1="0" ind2=" ">
    <subfield code="a">Polinik</subfield>
    <subfield code="c">(Greek mythological figure)</subfield>
  </datafield>
  <datafield tag="400" ind1="0" ind2=" ">
    <subfield code="a">Poliniko</subfield>
    <subfield code="c">(Greek mythological figure)</subfield>
  </datafield>
  <datafield tag="400" ind1="0" ind2=" ">
    <subfield code="a">Polinizes</subfield>
    <subfield code="c">(Greek mythological figure)</subfield>
  </datafield>
  <datafield tag="400" ind1="0" ind2=" ">
    <subfield code="a">Polyneices</subfield>
    <subfield code="c">(Greek mythological figure)</subfield>
  </datafield>
  <datafield tag="400" ind1="0" ind2=" ">
    <subfield code="a">Polyneikēs</subfield>
    <subfield code="c">(Greek mythological figure)</subfield>
  </datafield>
  <datafield tag="400" ind1="0" ind2=" ">
    <subfield code="a">Polynice</subfield>
    <subfield code="c">(Greek mythological figure)</subfield>
  </datafield>
  <datafield tag="400" ind1="0" ind2=" ">
    <subfield code="a">Polynikes</subfield>
    <subfield code="c">(Greek mythological figure)</subfield>
  </datafield>
  <datafield tag="400" ind1="0" ind2=" ">
    <subfield code="a">Полінік</subfield>
    <subfield code="c">(Greek mythological figure)</subfield>
  </datafield>
  <datafield tag="400" ind1="0" ind2=" ">
    <subfield code="a">ポリュネイケース</subfield>
    <subfield code="c">(Greek mythological figure)</subfield>
  </datafield>
  <datafield tag="400" ind1="0" ind2=" ">
    <subfield code="a">פוליניקס</subfield>
    <subfield code="c">(Greek mythological figure)</subfield>
  </datafield>
  <datafield tag="400" ind1="0" ind2=" ">
    <subfield code="a">폴리네이케스</subfield>
    <subfield code="c">(Greek mythological figure)</subfield>
  </datafield>
  <datafield tag="400" ind1="0" ind2=" ">
    <subfield code="a">Полиник</subfield>
    <subfield code="c">(Greek mythological figure)</subfield>
  </datafield>
  <datafield tag="400" ind1="0" ind2=" ">
    <subfield code="a">Палінік</subfield>
    <subfield code="c">(Greek mythological figure)</subfield>
  </datafield>
  <datafield tag="400" ind1="0" ind2=" ">
    <subfield code="a">Πολυνείκης</subfield>
    <subfield code="c">(Greek mythological figure)</subfield>
  </datafield>
  <datafield tag="667" ind1=" " ind2=" ">
    <subfield code="a">Non-Latin script references not evaluated.</subfield>
  </datafield>
  <datafield tag="670" ind1=" " ind2=" ">
    <subfield code="a">Aeschylus. Eschyle. Tome I, 1920:</subfield>
    <subfield code="b">page 104 (Polynice)</subfield>
  </datafield>
  <datafield tag="670" ind1=" " ind2=" ">
    <subfield code="a">Oxford classical dictionary, 1996 (Polynices)</subfield>
  </datafield>
  <datafield tag="670" ind1=" " ind2=" ">
    <subfield code="a">Wikipedia (all languages), 14 February 2014</subfield>
    <subfield code="b">(Polynices; son of Oedipus and Jocasta; brother of Eteocles, who co-ruled Thebes with him; other forms: Polyneices; Πολυνείκης; Палінік; Полиник; Polynikes; Polinices; Polyneikes; Poliniko; Polinizes; Polynice; 폴리네이케스; Polineikes; Polinice; פוליניקס; ポリュネイケース; Polinik ; Полінік)</subfield>
  </datafield>
</record>